@article{Almiron:09,
author = {Almiron, Marcelo G. and Almeida, Eliana S. and Miranda, Marcio N.},
doi = {10.1214/08-BJPS017},
file = {:media/marcelo/Data/LDrive/Shared/Marcelo/RNGs/papers/ThereliabilityStatisticalFunctionsinFourSoftwarePackagesFreelyUsedinNumericalComputation.pdf:pdf},
issn = {0103-0752},
journal = {Brazilian Journal of Probability and Statistics},
keywords = {Statistical software, numerical computation, software accuracy,},
number = {2},
pages = {107--119},
title = {{The reliability of statistical functions in four software packages freely used in numerical computation}},
volume = {23},
year = {2009}
}


@article{Ferrenberg:92,
author = {Alan Ferrenberg and D. P. Landau and Y. J. Wong},
title = {{Monte Carlo simulations: Hidden errors from "good" random number generators}},
journal = {Physical Review Letters},
volume = {69},
year = {1992},
pages = {3382--3384},
issue = {23},
doi = {10.1103/PhysRevLett.69.3382},
masid = {1249566}
}

@article{Karl:2014,
author = {Karl, Andrew T. and Eubank, Randy and Milovanovic, Jelena and Reiser, Mark and Young, Dennis},
doi = {10.1007/s00180-014-0492-3},
file = {:C$\backslash$:/Users/marcelo\_queiroz/ownCloud/Shared/Marcelo/RNGs/UsingRngStreamsforParallelRandomNumberGenerationinCppandR.pdf:pdf},
issn = {0943-4062},
journal = {Computational Statistics},
keywords = {mpi,multicore,openmp,rstream},
mendeley-groups = {SensorNET-WS},
month = {04},
number = {5},
pages = {1301--1320},
title = {{Using RngStreams for parallel random number generation in C++ and R}},
url = {http://link.springer.com/10.1007/s00180-014-0492-3},
volume = {29},
year = {2014}
}
@article{Wikramaratna,
author = {Wikramaratna, By Roy},
file = {:C$\backslash$:/Users/marcelo\_queiroz/ownCloud/Shared/Marcelo/RNGs/PRNG-for\_Parallel\_MonteCarlo-A\_Splitting\_Approach.pdf:pdf},
mendeley-groups = {SensorNET-WS},
number = {9},
pages = {1--5},
title = {{Pseudo-random Number Generation for Parallel Monte Carlo ? A Splitting Approach}},
volume = {33}
}
@article{Sibley:88,
author = {Sibley, Edgar H and Park, Stephen K and Miller, Keith W},
file = {:home/marcelo/.local/share/data/Mendeley Ltd./Mendeley Desktop/Downloaded/Sibley, Park, Miller - 1988 - RANDOM NUMBER GEUERATORS GOOD ONES ARE HARD TO FIN.pdf:pdf},
journal = {Communications of the ACM},
mendeley-groups = {SensorNET-WS},
number = {10},
pages = {1192 -- 1201},
title = {{RANDOM NUMBER GENERATORS : GOOD ONES ARE HARD TO FIND}},
volume = {31},
year = {1988}
}
@inproceedings{Mason2008,
author = {Mason, S J and Hill, R R and M\"{o}nch, L and Rose, O and Jefferson, T and Fowler, J W and Ewald, Roland and Uhrmacher, Adelinde M},
booktitle = {Proceedings of the 2008 Winter Simulation Conference},
doi = {http://dx.doi.org/10.1109/WSC.2008.4736147},
file = {:C$\backslash$:/Users/marcelo\_queiroz/ownCloud/Shared/Marcelo/RNGs/A-PLUG-IN?BASED-ARCHITECTURE-FOR-RANDOM-NUMBER-GENERATION-IN-SIMULATION-SYSTEMS.pdf:pdf},
isbn = {9781424427086},
mendeley-groups = {SensorNET-WS},
pages = {836--844},
title = {{A-PLUG-IN?BASED-ARCHITECTURE-FOR-RANDOM-NUMBER-GENERATION-IN-SIMULATION-SYSTEMS}},
url = {http://ieeexplore.ieee.org/stamp/stamp.jsp?tp=\&arnumber=4736147},
year = {2008}
}
@article{Lee2014,
author = {Lee, Gyungho and Pyo, Changwoo},
doi = {10.1049/el.2013.4047},
file = {:C$\backslash$:/Users/marcelo\_queiroz/ownCloud/Shared/Marcelo/RNGs/GPUs as high-performance random sources.pdf:pdf},
issn = {0013-5194},
journal = {Electronics Letters},
mendeley-groups = {SensorNET-WS},
month = apr,
number = {8},
pages = {602--604},
title = {{GPUs as high-performance random sources}},
url = {http://digital-library.theiet.org/content/journals/10.1049/el.2013.4047},
volume = {50},
year = {2014}
}
@article{Ecuyer:14,
author = {L'Ecuyer, Pierre L and Oreshkin, Boris and Simard, Richard},
file = {:C$\backslash$:/Users/marcelo\_queiroz/ownCloud/Shared/Marcelo/RNGs/Random Numbers for Parallel Computers.pdf:pdf},
keywords = {gpgpu,gpu,multiple,parallel computing,random number generators,random number streams,simulation,streams},
mendeley-groups = {SensorNET-WS},
title = {{Random Numbers for Parallel Computers : Requirements and Methods}}
}
@article{Dammertz2010,
author = {Dammertz, Holger},
file = {:C$\backslash$:/Users/marcelo\_queiroz/ownCloud/Shared/Marcelo/RNGs/PRNGs-for-Massively-Parallel-Apps.pdf:pdf},
mendeley-groups = {SensorNET-WS},
title = {{Overview Applications for Pseudo-Random Numbers Generating Pseudo-Random Numbers}},
year = {2010}
}
@article{Barash2014,
author = {Barash, L.Yu. and Shchur, L.N.},
doi = {10.1016/j.cpc.2014.01.007},
file = {:C$\backslash$:/Users/marcelo\_queiroz/ownCloud/Shared/Marcelo/RNGs/PRAND-GPU accelerated parallel random number generation library.pdf:pdf},
issn = {00104655},
journal = {Computer Physics Communications},
mendeley-groups = {SensorNET-WS},
month = apr,
number = {4},
pages = {1343--1353},
publisher = {Elsevier B.V.},
title = {{PRAND: GPU accelerated parallel random number generation library: Using most reliable algorithms and applying parallelism of modern GPUs and CPUs}},
url = {http://linkinghub.elsevier.com/retrieve/pii/S0010465514000204},
volume = {185},
year = {2014}
}
@article{Matsumoto:MT,
 author = {Matsumoto, Makoto and Nishimura, Takuji},
 title = {Mersenne Twister: A 623-dimensionally Equidistributed Uniform Pseudo-random Number Generator},
 journal = {ACM Trans. Model. Comput. Simul.},
 issue_date = {Jan. 1998},
 volume = {8},
 number = {1},
 month = jan,
 year = {1998},
 issn = {1049-3301},
 pages = {3--30},
 numpages = {28},
 url = {http://doi.acm.org/10.1145/272991.272995},
 doi = {10.1145/272991.272995},
 acmid = {272995},
 publisher = {ACM},
 address = {New York, NY, USA},
 keywords = {k-distribution, m-sequences, GFSR, MT19937, Mersenne primes, Mersenne twister, TGFSR, finite fields, incomplete array, inversive-decimation method, multiple-recursive matrix method, primitive polynomials, random number generation, tempering},
} 
@article{Matsumoto:00,
author = {Matsumoto, Makoto and Nishimura, Takuji},
file = {:data/LDRIVE/Shared/Marcelo/RNGs/A Nonempirical Test on the Weight of Pseudorandom Number Generators.pdf:pdf},
journal = {Monte Carlo and Quasi-Monte Carlo Methods},
mendeley-groups = {SensorNET-WS},
number = {Springer-Verlag},
pages = {381--395},
title = {{A Nonempirical Test on the Weight of Pseudorandom Number Generators}},
year = {2000}
}
@article{Matsumoto:06,
author = {Matsumoto, Makoto; and Saito, Mutsuo; and {Haramoto, Hiroshi; Nishmura}, Takuji},
journal = {Journal of Universal Computer Science},
keywords = {3 mathematics of computing,category,g,mer-,monte carlo methods,probability and statistics,pseudorandom number generation,random num-,random number generation,senne twister,simulation},
number = {6},
pages = {672--690},
title = {{Pseudorandom Number Generation: Impossibility and Compromise}},
volume = {12},
year = {2006}
}
@article{Matsumoto2003,
author = {Matsumoto, Makoto and Nishimura, Takuji},
doi = {10.1016/S0378-4754(02)00227-6},
file = {:C$\backslash$:/Users/marcelo\_queiroz/ownCloud/Shared/Marcelo/RNGs/Sum-discrepancy test on pseudorandom number generators.pdf:pdf},
issn = {03784754},
journal = {Mathematics and Computers in Simulation},
keywords = {fourier transform,random number generation,statistical test},
mendeley-groups = {SensorNET-WS},
month = mar,
number = {3-6},
pages = {431--442},
title = {{Sum-discrepancy test on pseudorandom number generators}},
url = {http://linkinghub.elsevier.com/retrieve/pii/S0378475402002276},
volume = {62},
year = {2003}
}
@article{Fujimoto:90,
author = {Fujimoto, Richard M.},
doi = {10.1145/84537.84545},
file = {:C$\backslash$:/Users/marcelo\_queiroz/ownCloud/Shared/Marcelo/RNGs/01-parallel-discrete-event-simuIation.pdf:pdf},
journal = {Communications of the ACM - Special issue on simulation CACM},
mendeley-groups = {SensorNET-WS},
pages = {30--53},
title = {{Parallel discrete event simulation}},
url = {http://dl.acm.org/citation.cfm?id=84545},
year = {1990}
}
@misc{SIAM:14,
author = {SIAM},
mendeley-groups = {SensorNET-WS},
title = {{Graduate Education for Computational Science and Engineering Webpage}},
journal = {http://www.siam.org/students/resources/report.php},
url = {http://www.siam.org/students/resources/report.php},
year = {2014},
urldate = {11/2014}
}
@article{Neiswanger:14,
archivePrefix = {arXiv},
arxivId = {1311.4780v1},
author = {Neiswanger, Willie and Wang, Chong and Xing, Eric P},
eprint = {1311.4780v1},
file = {:data/LDRIVE/Shared/Marcelo/RNGs/Leo-Asymptotically Exact - Embarrassingly Parallel MCMC.pdf:pdf},
mendeley-groups = {SensorNET-WS},
title = {{Asymptotically Exact, Embarrassingly Parallel MCMC}},
url = {http://arxiv.org/pdf/1311.4780v1.pdf},
year = {2014}
}
@inproceedings{Steven:13,
title = {Bayes and Big Data:  The Consensus Monte Carlo Algorithm},
author  = {Steven L. Scott and Alexander W. Blocker and Fernando V. Bonassi},
year  = 2013,
booktitle = {Bayes 250}
}
@article{Fredricsson:75,
author = {Fredricsson, Staffan A.},
doi = {10.1109/TIT.1975.1055310},
journal = {IEEE Transactions on Information Theory},
keywords = {Ash,Autocorrelation,Decoding,Error correction codes,Information theory,Product codes,Reliability theory,Shift registers,Shift-register sequences,Testing,Welding},
pages = {115--120},
title = {{Pseudo-Randomness Properties of Binary Shift Register Sequences}},
url = {http://ieeexplore.ieee.org/stamp/stamp.jsp?tp=\&arnumber=1055310},
volume = {I},
year = {1975}
}
@book{Knuth:98,
 author = {Knuth, Donald E.},
 title = {The Art of Computer Programming,  Volume 2: (2Nd Ed.) Seminumerical Algorithms},
 year = {1998},
 isbn = {0-201-89685-0},
 publisher = {Addison Wesley Longman Publishing Co., Inc.},
 address = {Redwood City, CA, USA}
}
@misc{Apache:14,
author = {Apache Foundation, Inc.},
keywords = {apache hadoop,mapreduce},
mendeley-groups = {SensorNET-WS},
mendeley-tags = {apache hadoop,mapreduce},
title = {{Apache Hadoop Wiki}},
url = {http://wiki.apache.org/hadoop/},
urldate = {2014-11}
}
@article{Lammel:08,
author = {Ralf Lammel},
title = {Google?s MapReduce programming model - Revisited},
year = {2008},
journal = {Science of Computer Programming},
doi = {http://dx.doi.org/10.1016/j.scico.2007.07.001},
issn = {0167-6423},
volume = {70},
number = {1},
pages = {1--30},
url = {http://www.sciencedirect.com/science/article/pii/S0167642307001281}
}
@inbook {LEcuyer:98,
title = {Random Number Generation},
author = {L'Ecuyer, Pierre},
publisher = {John Wiley \& Sons, Inc.},
isbn = {9780470172445},
url = {http://dx.doi.org/10.1002/9780470172445.ch4},
doi = {10.1002/9780470172445.ch4},
pages = {93--137},
keywords = {theoretical tests and empirical tests, polynomial-time perfect, machine-dependent assembly-language implementation, and-with-carry (AWC) and subtract-with-borrow (SWB) generators, random number generators},
booktitle = {Handbook of Simulation},
year = {2007},
}

@inproceedings{LEcuyer:92,
author = {L'Ecuyer, P},
booktitle = {Proceedings of the 1992 Winter Simulation Conference},
mendeley-groups = {LEcuyer},
pages = {305--313},
publisher = {{IEEE} Press},
title = {{Testing Random Number Generators}},
year = {1992}
}
@inproceedings{Fairfield:85,
address = {New York, NY, USA},
author = {Fairfield, R C and Mortenson, R L and Coulthart, K B},
booktitle = {Proceedings of CRYPTO 84 on Advances in Cryptology},
isbn = {0-387-15658-5},
pages = {203--230},
publisher = {Springer-Verlag New York, Inc.},
title = {{An LSI Random Number Generator (RNG)}},
url = {http://dl.acm.org/citation.cfm?id=19478.19496},
year = {1985}
}
@article{Volchan:02,
address = {1529 18TH STREET NW, WASHINGTON, DC 20036 USA},
author = {Volchan, S B},
doi = {10.2307/2695767},
issn = {0002-9890},
journal = {American Mathematical Monthly},
month = jan,
number = {1},
pages = {46--63},
publisher = {MATHEMATICAL ASSOC AMER},
title = {{What is a random sequence?}},
type = {Article},
volume = {109},
year = {2002}
}
@article{Bohrer:77,
author = {Bohrer, Robert and Imrey, Peter B.},
doi = {10.1145/1102505.1102527},
issn = {01636103},
journal = {ACM SIGSIM Simulation Digest},
month = sep,
number = {1},
pages = {64--71},
publisher = {ACM},
title = {{Statistics, stationarity and random number generation}},
url = {http://dl.acm.org/citation.cfm?id=1102505.1102527},
volume = {9},
year = {1977}
}
@article{Kendall:38,
author = {Kendall, M G and Babington-Smith, B},
journal = {Journal of the Royal Statistical Society},
mendeley-groups = {LEcuyer},
pages = {147--166},
title = {{Randomness and other random sampling numbers}},
url = {http://www.jstor.org/stable/2980655},
volume = {101},
year = {1938}
}
@misc{Brown:04,
author = {Brown, Robert G. and Eddelbuettel, Dirk and Bauer, David},
year = {2004},
title = {Dieharder: A Random Number Test Suite},
howpublished = {\url{http://www.phy.duke.edu/~rgb/General/dieharder.php}},
note = {Acessado em 11/2014}
}
@misc{Marsaglia:14,
author = {Marsaglia, George},
year = {1995},
title = {Diehard},
howpublished = {\url{http://stat.fsu.edu/pub/diehard/}},
note = {Acessado em 11/2014}
}
@misc{Gustafson:14,
author = {Gustafson, Helen},
title = {Crypt-XS},
url = {http://www.isrc.qut.edu.au/cryptx/index.html},
urldate = {2014/11}
}
@misc{RANDOM.ORG,
author = {random.org},
year = {1998},
title = {True Random Number Service},
howpublished = {\url{https://www.random.org/}},
note = {Acessado em 11/2014}
}
@misc{audio.entropy,
author = {vanheusden.com},
year = {2012},
title = {audio entropy daemon},
howpublished = {\url{https://www.vanheusden.com/aed/}},
note = {Acessado em 11/2014}
}

@misc{IVY.REPORT,
author = {Hamburg, Mike and Kocher, Paul and Marson, Mark E.},
year = {2012},
title = {ANALYSIS OF INTEL’S IVY BRIDGE DIGITAL RANDOM NUMBER GENERATOR},
howpublished = {\url{http://www.rambus.com/wp-content/uploads/2015/08/Intel_TRNG_Report_20120312.pdf}},
note = {Acessado em 11/2014}
}
@misc{IVY.TROJAN,
author = {Dan Goodin},
year = {2013},
title = {Researchers can slip an undetectable trojan into Intel’s Ivy Bridge CPUs},
howpublished = {\url{http://arstechnica.com/security/2013/09/researchers-can-slip-an-undetectable-trojan-into-intels-ivy-bridge-cpus/}},
note = {Acessado em 11/2014}
}
@misc{HOTBITS,
author = {John Walker},
year = {1998},
title = {Genuine random numbers, generated by radioactive decay},
howpublished = {\url{https://www.fourmilab.ch/hotbits/}},
note = {Acessado em 11/2014}
}
@misc{NIST:99,
author = {NIST},
year = {1999},
title = {NIST Statistical Test Suite},
howpublished = {\url{http://www.itl.nist.gov/div893/staff/soto/jshome.html}},
note = {Acessado em 11/2014}
}
@misc{ENT:08,
author = {Walker, John},
year = {2008},
title = {A Pseudorandom Number Sequence Test Program},
howpublished = {\url{http://www.fourmilab.ch/random/}},
note = {Acessado em 11/2014}
}
@article{LEcuyer:07,
address = {New York, NY, USA},
author = {L'Ecuyer, P and Simard, R},
journal = {{ACM} Transactions on Mathematical Software},
mendeley-groups = {LEcuyer},
number = {4},
pages = {Article 22},
publisher = {ACM Press},
title = {{{TestU01}: A {C} Library for Empirical Testing of Random Number Generators}},
volume = {33},
year = {2007}
}
@article{Larrondo:13,
author = {Larrondo, Hilda A. and {De Micco}, Luciana and Gonzalez, Claudio M. and Plastino, Angelo and Rosso, Osvaldo A.},
doi = {10.2174/9781608057603113010017},
journal = {Concepts and Recent Advances in Generalized Information Measures and Statistics},
pages = {283--308},
title = {{Statistical Complexity of Chaotic Pseudorandom Number Generators | BenthamScience}},
url = {http://www.eurekaselect.com/118911/chapter/statistical-complexity-of-chaotic-pseudorandom-number-generator.sci-hub.org},
year = {2013}
}
@article{Gabriel2010,
author = {Gabriel, Christian and Wittmann, Christoffer and Sych, Denis and Dong, Ruifang and Mauerer, Wolfgang and Andersen, Ulrik L. and Marquardt, Christoph and Leuchs, Gerd},
doi = {10.1038/nphoton.2010.197},
issn = {1749-4885},
journal = {Nature Photonics},
month = aug,
number = {10},
pages = {711--715},
publisher = {Nature Publishing Group},
shorttitle = {Nat Photon},
title = {{A generator for unique quantum random numbers based on vacuum states}},
url = {http://dx.doi.org/10.1038/nphoton.2010.197},
volume = {4},
year = {2010}
}

@inproceedings{Naumov2006,
 author = {Naumov, Valery and Baumann, Rainer and Gross, Thomas},
 title = {An evaluation of inter-vehicle ad hoc networks based on realistic vehicular traces},
 booktitle = {Proceedings of the 7th ACM International Symposium on Mobile Ad Hoc Networking and Computing},
 series = {MobiHoc '06},
 year = {2006},
 location = {Florence, Italy},
 pages = {108--119},
 publisher = {ACM},
 address = {New York, NY, USA},
} 


@InProceedings{Freudiger2011,
   affiliation = {EPFL},
   author      = {Freudiger, J. and Shokri, R. and Hubaux, J.},
   booktitle   = {Financial {C}ryptography and {D}ata {S}ecurity},
   title       = {Evaluating the {P}rivacy {R}isk of {L}ocation-{B}ased {S}ervices},
   year        = {2011}
}


     @Manual{R2012,
 title = {R: A Language and Environment for Statistical Computing},
    author = {{R Core Team}},
    organization = {R Foundation for Statistical Computing},
    address = {Vienna, Austria},
    year = {2015},
    url = {https://www.R-project.org/},
  }

@article{Rosso2012,
title = {Causality and the entropy--complexity plane: Robustness and missing ordinal patterns},
journal = {Physica A},
volume = {391},
number = {1--2},
pages = {42--55},
year = {2012},
author = {Osvaldo A. Rosso and Laura C. Carpi and Patricia M. Saco and Martí­n Gomez Ravetti and Angelo Plastino and Hilda A. Larrondo},
}




@ARTICLE{Shang2006,
  author = {Pengjian Shang and Yongbo Lu and Santi Kama},
  title = {The Application of {H}\" older Exponent to Traffic Congestion Warning},
  journal = {Physica A: Statistical Mechanics and its Applications},
  year = {2006},
  volume = {370},
  pages = {769--776},
  number = {2},
  file = {:files/Shang2006.pdf:PDF}
}



@inproceedings{Fallah2010,
  author = {Fallah, Y. P. and Huang, C. and Sengupta, R. and Krishnan, H.},
  title = {Design of Cooperative Vehicle Safety Systems Based on Tight Coupling of Communication, Computing and Physical Vehicle Dynamics},
  booktitle = {Proceedings of the 1st ACM/IEEE International Conference on Cyber-Physical Systems},
  series = {ICCPS '10},
  year = {2010},
  pages = {159--167},
  numpages = {9},
  publisher = {ACM},
  file = {:files/Fallah2010.pdf:PDF}
} 

@article{Rosso2007a,
  title = {Distinguishing Noise from Chaos},
  author = {Rosso, O. A. and Larrondo, H. A. and Martin, M. T. and Plastino, A. and Fuentes, M. A.},
  journal = {Physical Review Letters},
  volume = {99},
  number = {15},
  year = {2007},
  month = {Oct},
  publisher = {American Physical Society},
  file = {:files/Rosso2007.pdf:PDF}
}

@article{Bandt2002,
  title = {Permutation {E}ntropy: A {N}atural {C}omplexity {M}easure for {T}ime {S}eries},
  author = {Bandt, C. and Pompe, B.},
  journal = {Physical Review Letters},
  volume = {88},
  number = {17},
  year = {2002},
  month = {Apr},
  pages={174102--174106},
  publisher = {American Physical Society},
  file = {:files/Bandt2002.pdf:PDF}
}


@article{Rosso2010,
  title = {Generalized {S}tatistical {C}omplexity {M}easure},
  author = {Osvaldo A. Rosso and Luciana {D}e Micco and Hilda A. Larrondo and Maria T. Martin and Angel Plastino},
  year = {2010},
  journal = {International Journal of Bifurcation and Chaos},
  volume = {20},
  number = {3},
  file = {:files/Rosso2010.pdf:PDF}
}

@article{Shannon1948,
    author = {Shannon, C. E.},
    journal = {Bell system technical journal},
    title = {A {M}athematical {T}heory of {C}ommunication},
    volume = {27},
    year = {1948}
}

@Article{Zanin2012,
AUTHOR = {Zanin, Massimiliano and Zunino, Luciano and Rosso, Osvaldo A. and Papo, David},
TITLE = {Permutation {E}ntropy and {I}ts {M}ain {B}iomedical and {E}conophysics {A}pplications: {A} {R}eview},
JOURNAL = {Entropy},
VOLUME = {14},
YEAR = {2012},
NUMBER = {8},
PAGES = {1553--1577},
}

@article{Lopez1995,
    author = {L\'opez-Ruiz, R.  and Mancini, H. L. and Calbet, X.},
    journal = {Physics Letters A},
    month = dec,
    number = {5-6},
    pages = {321--326},
    title = {A statistical measure of complexity},
    volume = {209},
    year = {1995}
}


@incollection{Lopez2011,
author={López-Ruiz, Ricardo and Sañudo, Jaime and Romera, Elvira and Calbet, Xavier},
title={Statistical Complexity and Fisher-Shannon Information: Applications},
booktitle={Statistical Complexity},
publisher={Springer Netherlands},
year={2011},
}

@article{Martin2006,
title = {Generalized statistical complexity measures: Geometrical and analytical properties},
journal = {Physica A: Statistical Mechanics and its Applications},
volume = {369},
number = {2},
pages = {439 -- 462},
year = {2006},
author = {M.T. Mart\'in and A. Plastino and O.A. Rosso},
}

@Article{Brissaud2005,
AUTHOR = {Brissaud, Jean-Bernard},
TITLE = {The meanings of entropy},
JOURNAL = {Entropy},
VOLUME = {7},
YEAR = {2005},
NUMBER = {1},
PAGES = {68--96},
}




@INPROCEEDINGS{Ageev1999,
  author = {Alexander A. Ageev and Maxim Sviridenko},
  title = {Approximation Algorithms for Maximum Coverage and Max Cut with Given
	Sizes of Parts},
  booktitle = {7th International Conference on Integer Programming and Combinatorial
	Optimization},
  year = {1999},
  address = {London, UK},
  acmid = {659790},
  isbn = {3-540-66019-4},
  optnumpages = {14},
  optpages = {17--30},
  optpublisher = {Springer-Verlag},
  url = {http://dl.acm.org/citation.cfm?id=645589.659790}
}

@ARTICLE{aickelin2008,
  author = {Uwe Aickelin},
  title = {An Indirect Genetic Algorithm for Set Covering Problems},
  journal = {Journal of the Operational Research Society},
  year = {2002},
  volume = {53},
  pages = {1118--1126},
  number = {10}
}

@ARTICLE{bakhouya2011,
  author = {Bakhouya, M. and Gaber, J. and Lorenz, P.},
  title = {An adaptive approach for information dissemination in Vehicular Ad
	hoc Networks},
  journal = {Journal of Network and Computer Applications},
  year = {2011},
  volume = {34},
  pages = {1971--1978},
  number = {6},
  address = {London, UK},
  publisher = {Academic Press Ltd.}
}

@ARTICLE{beasley1996,
  author = {J. E. Beasley and P. C. Chu},
  title = {A genetic algorithm for the set covering problem},
  journal = {European Journal of Operational Research},
  year = {1996},
  volume = {94},
  pages = {392--404},
  number = {2},
  doi = {10.1016/0377-2217(95)00159-X}
}

@ARTICLE{caprara1998,
  author = {Alberto Caprara and Paolo Toth and Matteo Fischetti},
  title = {Algorithms for the Set Covering Problem},
  journal = {Annals of Operations Research},
  year = {1998},
  volume = {98},
  pages = {353--371},
  number = {1}
}

@INCOLLECTION{chekuri:2004,
  author = {Chandra Chekuri and Amit Kumar},
  title = {Maximum Coverage Problem with Group Budget Constraints and Applications},
  booktitle = {Approximation, Randomization, and Combinatorial Optimization. Algorithms
	and Techniques},
  year = {2004},
  volume = {3122},
  series = {Lecture Notes in Computer Science},
  pages = {72--83},
  opteditor = {Jansen, Klaus and Khanna, Sanjeev and Rolim, José and Ron, Dana},
  optpublisher = {Springer Berlin / Heidelberg}
}

@ARTICLE{CohenK08,
  author = {Cohen, Reuven and Katzir, Liran},
  title = {The Generalized Maximum Coverage Problem},
  journal = {Information Processing Letters},
  year = {2008},
  volume = {108},
  pages = {15--22},
  number = {1}
}

@ARTICLE{gouwanda2008,
  author = {D. Gouwanda and S. G. Ponnambalam},
  title = {Evolutionary Search Techniques to Solve Set Covering Problems},
  journal = {International Journal of Mechanical and Aerospace Engineering},
  year = {2008},
  volume = {39},
  pages = {20--25},
  number = {15},
  optmonth = {March}
}

@INPROCEEDINGS{habib2007,
  author = {Habib, S. and Safar, M.},
  title = {Sensitivity Study of Sensors' Coverage within Wireless Sensor Networks},
  booktitle = {Proceedings of 16th International Conference on Computer Communications
	and Networks},
  year = {2007},
  pages = {876--881},
  optmonth = {August},
  owner = {evellyn},
  timestamp = {2012.05.15}
}


@INPROCEEDINGS{huang2003,
  author = {Huang, Chi-Fu and Tseng, Yu-Chee},
  title = {The coverage problem in a wireless sensor network},
  booktitle = {Proceedings of the 2nd ACM international conference on Wireless sensor
	networks and applications},
  year = {2003},
  series = {WSNA '03},
  pages = {115--121},
  address = {New York, NY, USA},
  publisher = {ACM},
  doi = {10.1145/941350.941367},
  location = {San Diego, CA, USA},
  numpages = {7},
  owner = {evellyn},
  timestamp = {2012.05.15}
}

@INPROCEEDINGS{huang1994,
  author = {Wen Chih Huang and Cheng Yan Kao and Jorng Tzong Horng},
  title = {A genetic algorithm approach for set covering problems},
  booktitle = {1st IEEE Conference on Evolutionary Computation},
  year = {1994},
  volume = {2},
  pages = {569--574},
  address = {Orlando, Florida, USA},
  optmonth = {jun}
}

@ARTICLE{jia2008,
  author = {Jie Jia and Jian Chen and Gui-Ran Chang and Ying-You Wen},
  title = {Efficient Cover Set Selection in Wireless Sensor Networks},
  journal = {Acta Automatica Sinica},
  year = {2008},
  volume = {34},
  pages = {1157--1162},
  number = {9},
  optmonth = {September},
  owner = {evellyn},
  timestamp = {2012.05.15}
}

@INPROCEEDINGS{kchiche2010,
  author = {Kchiche, A. and Kamoun, F.},
  title = {Centrality-based Access-Points deployment for vehicular networks},
  booktitle = {17th International Conference on Telecommunications (ICT)},
  year = {2010},
  pages = {700--706},
  publisher = {IEEE},
  optmonth = {april},
  owner = {evellyn},
  timestamp = {2012.05.15}
}

@INPROCEEDINGS{kchiche2009,
  author = {A. Kchiche and F. Kamoun},
  title = {Access-Points Deployment for Vehicular Networks Based on Group Centrality},
  booktitle = {3rd International Conference on New Technologies, Mobility and Security},
  year = {2009},
  pages = {207--2012},
  address = {Cairo, Egypt},
  optmonth = {dec.}
}

@ARTICLE{Khuller1999,
  author = {Samir Khuller and Anna Moss and Joseph (Seffi) Naor},
  title = {The budgeted maximum coverage problem},
  journal = {Information Processing Letters},
  year = {1999},
  volume = {70},
  pages = {39--45},
  number = {1},
}

@ARTICLE{FlYw_2007,
  author = {Fan Li and Yu Wang},
  title = {Routing in vehicular ad hoc networks: A survey},
  journal = {IEEE Vehicular Technology Magazine},
  year = {2007},
  volume = {2},
  pages = {12--22},
  number = {2},
  optmonth = {June}
}

@ARTICLE{li2003,
  author = {Xiang-Yang Li and Peng-Jun Wan and Frieder, O.},
  title = {Coverage in wireless ad hoc sensor networks},
  journal = {IEEE Transactions on Computers},
  year = {2003},
  volume = {52},
  pages = {753--763},
  number = {6},
  optmonth = {June},
  owner = {evellyn},
  timestamp = {2012.05.15}
}

@INCOLLECTION{lochert2009,
  author = {Lochert, C. and Scheuermann, B. and Mauve, M.},
  title = {Information Dissemination in {VANET}s},
  booktitle = {{VANET}: Vehicular Applications and Inter-Networking Technologies},
  publisher = {John Wiley \& Sons Ltd.},
  year = {2009},
  chapter = {3},
  address = {Chichester, UK}
}

@INPROCEEDINGS{lochert:08,
  author = {Lochert, Christian and Scheuermann, Bj\"{o}rn and Wewetzer, Christian
	and Luebke, Andreas and Mauve, Martin},
  title = {Data aggregation and roadside unit placement for a vanet traffic
	information system},
  booktitle = {5th ACM International Workshop on VehiculAr Inter-NETworking},
  year = {2008},
  address = {San Francisco, California, USA},
  optpages = {58--65}
}

@ARTICLE{Lorena1997,
  author = {L. A. N. Lorena and L. de Souza Lopes},
  title = {{Genetic algorithms applied to computationally difficult set covering
	problems}},
  journal = {Journal of the Operational Research Society},
  year = {1997},
  volume = {48},
  pages = {440--445},
  number = {4},
}

@INPROCEEDINGS{DSFA_2012,
  author = {Daniel F. Macedo and Sergio de Oliveira and Fernando A. Teixeira
	and Andre L. L. Aquino and Ricardo R. Oliveira},
  title = {({CIA})$^2$-{ITS}: Interconnecting Mobile and Ubiquitous Devices
	for Intelligent Transportation Systems},
  booktitle = {IEEE Pervasive Computing and Communication},
  year = {2012},
}

@INPROCEEDINGS{meguerdichian2001,
  author = {Meguerdichian, S. and Koushanfar, F. and Potkonjak, M. and Srivastava,
	M.B.},
  title = {Coverage problems in wireless ad-hoc sensor networks},
  booktitle = {Proceedings of Twentieth Annual Joint Conference of the IEEE Computer
	and Communications Societies},
  year = {2001},
  volume = {3},
  series = {INFOCOM 2001},
  pages = {1380--1387},
  publisher = {IEEE},
}

@BOOK{mitchell1998,
  title = {An Introduction to Genetic Algorithms},
  publisher = {MIT Press},
  year = {1998},
  author = {Mitchell, Melanie},
  address = {Cambridge, MA, USA}
}

@MISC{eth,
  author = {K. Nagel},
  title = {ETH Zurich traces},
  howpublished = {On line: \url{http://www.lst.inf.ethz.ch/research/ad-hoc/car-traces}},
  month = {March},
  year = {2012},
  url = {http://www.lst.inf.ethz.ch/research/ad-hoc/car-traces}
}

@INPROCEEDINGS{naumov2006,
  author = {Valery Naumov and Rainer Baumann and Thomas Gross},
  title = {An evaluation of inter-vehicle ad hoc networks based on realistic
	vehicular traces},
  booktitle = {7th ACM international symposium on Mobile ad hoc networking and computing},
  year = {2006},
}

@INPROCEEDINGS{rosi2008,
  author = {Rosi, U.T. and Hyder, C.S. and Tai-hoon Kim},
  title = {A Novel Approach for Infrastructure Deployment for VANET},
  booktitle = {Second International Conference on Future Generation Communication
	and Networking},
  year = {2008},
  volume = {1},
  series = {FGCN '08},
  pages = {234--238},
}

@ARTICLE{sou2010,
  author = {Sok Lan Sou},
  title = {A Power-Saving Model for Roadside Unit Deployment in Vehicular Networks},
  journal = {IEEE Communications Letters},
  year = {2010},
  volume = {14},
  pages = {623--625},
  number = {7},
}

@INPROCEEDINGS{sun2010,
  author = {Yipin Sun and Xiaodong Lin and Rongxing Lu and Xuemin Shen and Jinshu
	Su},
  title = {Roadside Units Deployment for Efficient Short-Time Certificate Updating
	in VANETs},
  booktitle = {IEEE International Conference Communications},
  year = {2010},
  pages = {1--5},
}

@ARTICLE{TMLa_2008,
  author = {Y. Toor and P. Muhlethaler and A. Laouiti},
  title = {Vehicle Ad Hoc networks: applications and related technical issues},
  journal = {IEEE Communications Surveys \& Tutorials},
  year = {2008},
  volume = {10},
  pages = {74--88},
  number = {3}
}

@INPROCEEDINGS{JtEa_2011,
  author = {Jamal Toutouh and Enrique Alba},
  title = {An efficient routing protocol for green communications in vehicular
	ad-hoc networks},
  booktitle = {13th annual conference companion on Genetic and evolutionary computation},
  year = {2011},
  address = {Doublin, Ireland}
}

@INPROCEEDINGS{toutouh2011,
  author = {Toutouh, Jamal and Alba, Enrique},
  title = {An efficient routing protocol for green communications in vehicular
	ad-hoc networks},
  booktitle = {Proceedings of the 13th annual conference companion on Genetic and
	evolutionary computation},
  year = {2011},
  pages = {719--726},
  publisher = {ACM},
}

@ARTICLE{trullols:10,
  author = {O. Trullols and M. Fiore and C. Casetti and C.F. Chiasserini and
	J.M. Barcelo Ordinas},
  title = {Planning roadside infrastructure for information dissemination in
	intelligent transportation systems},
  journal = {Computer Communications},
  year = {2010},
  volume = {33},
  pages = {432 -- 442},
  number = {4}
}

@ARTICLE{wang2007,
  author = {Rong Long Wang and Kozo Okazaki},
  title = {An improved genetic algorithm with conditional genetic operators
	and its application to set-covering problem},
  journal = {Soft Computing - A Fusion of Foundations, Methodologies and Applications},
  year = {2007},
  volume = {11},
  pages = {687-694},
  number = {7},
}

@INPROCEEDINGS{yousefi2006,
  author = {Saleh Yousefi and Mahmoud Mousavi and Mahmood Fathy},
  title = {Vehicular Ad Hoc Networks ({VANETs}): Challenges and Perspectives},
  booktitle = {6th International Conference on ITS Telecommunications},
  year = {2006},
}

@BOOK{Dorit_1996,
  title = {Approximation Algorithms for NP-Hard Problems},
  publisher = {Course Technology},
  year = {1996},
  editor = {Dorit S. Hochbaum},
}

@article{faezipour2012,
 author = {Faezipour, Miad and Nourani, Mehrdad and Saeed, Adnan and Addepalli, Sateesh},
 title = {Progress and Challenges in Intelligent Vehicle Area Networks},
 journal = {Communications of the ACM},
 volume = {55},
 year = {2012},
 pages = {90--100},
} 


@ARTICLE{Zunino2010a,
title = {Complexity-entropy causality plane: A useful approach to quantify the stock market inefficiency},
author = {Zunino, Luciano and Zanin, Massimiliano and Tabak, Benjamin M. and P\'{e}rez, Darío G. and Rosso, Osvaldo A.},
year = {2010},
journal = {Physica A: Statistical Mechanics and its Applications},
volume = {389},
number = {9},
pages = {1891--1901},
}


@article{Zunino2010b,
  title = {Permutation information theory approach to unveil delay dynamics from time-series analysis},
  author = {Zunino, L. and Soriano, M. C. and Fischer, I. and Rosso, O. A. and Mirasso, C. R.},
  journal = {Physical Review E},
  volume = {82},
  number = {4},
  pages = {046212--046221},
  year = {2010},
}

@ARTICLE{Shang2006,
title = {The application of {H}ölder exponent to traffic congestion warning},
author = {Shang, Pengjian and Lu, Yongbo and Kama, Santi},
year = {2006},
journal = {Physica {A}: {S}tatistical {M}echanics and its {A}pplications},
volume = {370},
number = {2},
pages = {769--776},
}



@inproceedings{freudiger2011,
 author = {Freudiger, Julien and Shokri, Reza and Hubaux, Jean-Pierre},
 title = {Evaluating the privacy risk of location-based services},
 booktitle = {Proceedings of the 15th international conference on Financial Cryptography and Data Security},
 year = {2012},
 pages = {31--46},
 numpages = {16},
 publisher = {Springer-Verlag},
} 


@PhDThesis{frejinger2008,
   address       = {Lausanne},
   affiliation   = {EPFL},
   author        = {Frejinger, Emma},
   details       = {http://infoscience.epfl.ch/record/114777},
   doctoral      = {EDMA},
   documenturl   = {http://infoscience.epfl.ch/record/114777/files/EPFL_TH4009.pdf},
   doi           = {10.5075/epfl-thesis-4009},
   institute     = {INTER},
   oai-set       = {thesis-urn},
   original-unit = {TRANSP-OR},
   pagecount     = {133},
   publisher     = {EPFL},
   school        = {SB},
   status        = {PUBLISHED},
   thesis-id     = {4009},
   title         = {Route choice analysis},
   unit          = {TRANSP-OR},
   url           = {http://library.epfl.ch/theses/?nr=4009},
   urn           = {urn:nbn:ch:bel-epfl-thesis4009-1},
   year          = 2008
}

@ARTICLE{Hartenstein2008, 
author={Hartenstein, H. and Laberteaux, K.P.}, 
journal={{IEEE} {C}ommunications {M}agazine}, 
title={A {T}utorial {S}urvey on {V}ehicular {A}d {H}oc {N}etworks}, 
year={2008}, 
volume={46}, 
pages={164--171}, 
}


@ARTICLE{HaLa_2008,
  author = {H. Hartenstein and K. P. Laberteaux},
  title = {A tutorial survey on vehicular ad hoc networks},
  journal = {{IEEE} {C}ommunications {M}agazine},
  year = {2008},
  volume = {46},
  pages = {164--171},
  number = {6},
  optmonth = {June}
}




@incollection{HANGGI1995,
Author = {HANGGI, P. and JUNG, P.},
Editor = {Prigogine, I. and Rice, S.A.},
Title = {COLORED {N}OISE IN {D}YNAMICAL-{S}YSTEMS},
Booktitle = {ADVANCES IN {C}HEMICAL {P}HYSICS, VOL LXXXIX},
Series = {Advances in {C}hemical {P}hysics},
Year = {1995},
Volume = {89},
Pages = {239--326},
}


@article{Daoudi1998,
author = {Daoudi, K.  and Vehel, J. L.  and  Meyer, Y.},
title = {Construction of Continuous Functions with Prescribed Local Regularity},
journal = {Constructive Approximation},
year = {1998},
Volume = {14},
number = {3},
Pages = {349--385},
}



@ARTICLE{Lamberti2004,
title = {Intensive entropic non-triviality measure},
author = {Lamberti, P.W. and Martin, M.T. and Plastino, A. and Rosso, O.A.},
year = {2004},
journal = {Physica {A}: {S}tatistical {M}echanics and its {A}pplications},
volume = {334},
number = {1},
pages = {119--131},
}



@ARTICLE{Liao2012,
author = {Liao, G. and Shang, P.},
title = {SCALING AND COMPLEXITY-ENTROPY ANALYSIS IN DISCRIMINATING TRAFFIC DYNAMICS},
journal = {Fractals},
volume = {20},
number = {03n04},
pages = {233--243},
year = {2012},
}


@article{Herrera2010,
title = {Evaluation of traffic data obtained via {GPS}-enabled mobile phones: The {M}obile {C}entury field experiment},
journal = {Transportation Research Part C: Emerging Technologies},
volume = {18},
number = {4},
pages = {568--583},
year = {2009},
author = {Juan C. Herrera and Daniel B. Work and Ryan Herring and Xuegang (Jeff) Ban and Quinn Jacobson and Alexandre M. Bayen},
}


@Book { Meeus1999,
   title = {Astronomical Algorithms},
   year = {1999},
   publisher = {Willman-Bell Inc.},
   booktitle = {Second Edition},
   author = {Meeus, Jean}
}

@book{Deboor1978,
    author = {Deboor, C.},
	publisher = {Springer Verlag},
    title = {{A Practical Guide to Splines}},
    year = {1978},
}

@article{Jakeman1980,
    author = {Jakeman, E.},
    journal = {{J}ournal of {P}hysics {A}: {M}athematical and {G}eneral},
    number = {1},
    pages = {31--48},
    title = {On the statistics of {K}-distributed noise},
    volume = {13},
    year = {1980}
}

@article{Jakeman1976,
    author = {Jakeman, E. and Pusey, P. N.},
    journal = {IEEE Transactions on Antennas and Propagation},
    number = {6},
    pages = {806--814},
    title = {A model for non-{R}ayleigh sea echo},
    volume = {24},
    year = {1976}
}


@Book { Miller2004,
   title = {Probability and Random Processes: With Applications to Signal Processing and Communications},
   year = {2004},
   publisher = {Elsevier Academic Press},
   author = {Scott L. Miller and Donald G. Childers}
}



@Book { Schroeder2009,
   title = {Fractals, Chaos, Power Laws: Minutes from an Infinite Paradise},
   year = {2009},
   publisher = {Dover Publications},
   author = {Manfred Schroeder}
}



@INPROCEEDINGS{Voss1979, 
author={Richard F. Voss}, 
booktitle={33rd Annual Symposium on Frequency Control}, 
title={1/f (Flicker) Noise: A Brief Review}, 
year={1979}, 
}



@article{ Pappalardo2013,
year={2013},
journal={The European Physical Journal Special Topics},
volume={215},
number={1},
title={Understanding the patterns of car travel},
author={Pappalardo, Luca and Rinzivillo, Salvatore and Qu, Zehui and Pedreschi, Dino and Giannotti, Fosca},
pages={61--73},
}



@article{Tang2013,
title = {Characterizing traffic time series based on complex network theory },
journal = {Physica A: Statistical Mechanics and its Applications },
volume = {392},
number = {18},
pages = {4192--4201},
year = {2013},
author = {Jinjun Tang and Yinhai Wang and Fang Liu},
}


@ARTICLE{Peng1995,
  author = {Peng, C. K. and Havlin, Shlomo and Stanley, H. Eugene and Goldberger, Ary L.},
  title = {Quantification of scaling exponents and crossover phenomena in nonstationary
	heartbeat time series},
  journal = {Chaos: An Interdisciplinary Journal of Nonlinear Science},
  year = {1995},
  volume = {5},
  pages = {82--87},
  number = {1},
}



@ARTICLE{Mandelbrot1968,
  author = {Mandelbrot, Benoit B. and Wallis, James R.},
  title = {Noah, Joseph, and Operational Hydrology},
  journal = {Water Resources Research},
  year = {1968},
  volume = {4},
  pages = {909--918},
  number = {5},
}




@ARTICLE{Boccaletti2006,
  author = {Boccaletti, S. and Latora, V. and Moreno, Y. and Chavez, M. and Hwang, D.},
  title = {Complex networks: Structure and dynamics},
  journal = {Physics Reports},
  year = {2006},
  volume = {424},
  pages = {175--308},
}



@ARTICLE{Lopes2009,
  author = {Lopes, R. and Betrouni, N.},
  title = {Fractal and multifractal analysis: A review},
  journal = {Medical Image Analysis},
  year = {2009},
  volume = {13},
  pages = {634--649},
}


@article{Hodge2004,
 author = {Hodge, Victoria and Austin, Jim},
 title = {A Survey of Outlier Detection Methodologies},
 journal = {Artif. Intell. Rev.},
 year = {2004},
 volume = {22},
 pages = {85--126},
} 

@ARTICLE{Jabari2012,
  author = {Saif Eddin Jabari and Henry X. Liu},
  title = {A stochastic model of traffic flow: Theoretical foundations },
  journal = {Transportation Research Part B: Methodological },
  year = {2012},
  volume = {46},
  pages = {156--174},
}




@inproceedings{Zhu2013,
 author = {Bing Zhu and Qixing Huang and Leonidas Guibas and Lin Zhang },
 title = {Urban Population Migration Pattern Mining Based on Taxi Trajectories},
 booktitle = {WMS 2013 - 3rd International Workshop on Mobile Sensing: The future, brought to you by Big Sensor Data},
 year = {2013},
} 


@TechReport{Wickham2012,
  author = {Hadley Wickham and Lisa Stryjewski},
  title = {40 years of boxplots},
  institution = {had.co.nz},
  year = {2012},
}


@book{Tukey1977,
  author = {Tukey, J.W.},
  publisher = {Addison--Wesley},
  title = {Exploratory Data Analysis},
  year = {1977},
}

@article{Grosse2002,
    author = {Grosse, Ivo and Galv\'{a}n, Pedro B. and Carpena, Pedro and Rold\'{a}n, Ram\'{o}n R. and Oliver, Jose and Stanley, H. Eugene},
    journal = {Physical Review E},
    title = {{Analysis of symbolic sequences using the Jensen-Shannon divergence}},
    year = {2002}
}




@article{Chaitin1966,
 author = {Chaitin, Gregory J.},
 title = {On the Length of Programs for Computing Finite Binary Sequences},
 journal = {Journal of the Association for Computing Machinery},
 year = {1966},
} 

@article{Kolmogorov1965,
  author = {Kolmogorov, A. N.},
  journal = {Problems of Information Transmission},
  title = {Three approaches to the quantitative definition of information},
  year = {1965},
}


@ARTICLE{Lempel1976, 
author={Lempel, A. and Ziv, J.}, 
journal={{IEEE} Transactions on Information Theory}, 
title={On the Complexity of Finite Sequences}, 
year={1976},  
}



@article{Grassberger1986,
year={1986},
journal={International Journal of Theoretical Physics},
title={Toward a quantitative theory of self-generated complexity},
author={Grassberger, Peter},
volume={25},
number={9},
pages={907--938},
}




@article{Crutchfield1989,
  title = {Inferring statistical complexity},
  author = {Crutchfield, James P. and Young, Karl},
  journal = {Physical Review Letters},
  year = {1989},
}



@article{Wackerbauer1994,
title = {A comparative classification of complexity measures},
journal = {Chaos, Solitons \& Fractals },
year = {1994},
author = {R. Wackerbauer and A. Witt and H. Atmanspacher and J. Kurths and H. Scheingraber},
volume = {4},
number = {1},
pages = {133--173},
}




@article{Carpi2010,
title = {Missing ordinal patterns in correlated noises },
journal = {Physica A: Statistical Mechanics and its Applications },
volume = {389},
number = {10},
pages = {2020--2029},
year = {2010},
author = {Laura C. Carpi and Patricia M. Saco and O.A. Rosso},
}


@article{Kowalski2007,
title = {Bandt–Pompe approach to the classical-quantum transition},
journal = {Physica {D}: Nonlinear Phenomena},
volume = {233},
number = {1},
pages = {21--31},
year = {2007},
author = {A.M. Kowalski and M.T. Martín and A. Plastino and O.A. Rosso},
}


@article{STANIEK2007,
author = {M. Staniek and K. Lehnertz},
title = {PARAMETER SELECTION FOR PERMUTATION ENTROPY MEASUREMENTS},
journal = {International Journal of Bifurcation and Chaos},
volume = {17},
number = {10},
pages = {3729--3733},
year = {2007},
}

@article{Soriano2011a, 
author = {Miguel C. Soriano and Luciano Zunino and Laurent Larger and Ingo Fischer and Claudio R. Mirasso}, 
journal = {Optics Letters}, 
number = {12}, 
pages = {2212--2214}, 
title = {Distinguishing fingerprints of hyperchaotic and stochastic dynamics in optical chaos from a delayed opto-electronic oscillator}, 
volume = {36}, 
year = {2011},
}


@ARTICLE{Soriano2011b, 
author={Soriano, M.C. and Zunino, L. and Rosso, O.A. and Fischer, Ingo and Mirasso, C.R.}, 
journal={IEEE Journal of Quantum Electronics}, 
title={Time Scales of a Chaotic Semiconductor Laser With Optical Feedback Under the Lens of a Permutation Information Analysis}, 
year={2011}, 
volume={47}, 
number={2}, 
pages={252--261},
}




@article{Rosso2007b,
  title = {Extracting features of Gaussian self-similar stochastic processes via the Bandt-Pompe approach},
  author = {Rosso, O. A. and Zunino, L. and P\'erez, D. G. and Figliola, A. and Larrondo, H. A. and Garavaglia, M. and Mart\'in, M. T. and Plastino, A.},
  journal = {Physical Review E},
  volume = {76},
  number = {6},
  pages = {061114--061120},
  year = {2007},
}



@article{Zunino2008,
title = {Permutation entropy of fractional Brownian motion and fractional Gaussian noise},
journal = {Physics Letters A },
volume = {372},
number = {27--28},
pages = {4768--4774},
year = {2008},
author = {L. Zunino and D.G. Pérez and M.T. Martín and M. Garavaglia and A. Plastino and O.A. Rosso},
}


@article{Zunino2009,
title = {Forbidden patterns, permutation entropy and stock market inefficiency },
journal = {Physica A: Statistical Mechanics and its Applications},
volume = {388},
number = {14},
pages = {2854--2864},
year = {2009},
author = {Luciano Zunino and Massimiliano Zanin and Benjamin M. Tabak and Darío G. Pérez and Osvaldo A. Rosso},
}


@article{Zunino2011,
title = "Commodity predictability analysis with a permutation information theory approach ",
journal = "Physica A: Statistical Mechanics and its Applications ",
volume = "390",
number = "5",
pages = "876--890",
year = "2011",
author = "Luciano Zunino and Benjamin M. Tabak and Francesco Serinaldi and Massimiliano Zanin and Darío G. Pérez and Osvaldo A. Rosso",
}

@article{Zunino2012,
title = "On the efficiency of sovereign bond markets",
journal = "Physica A: Statistical Mechanics and its Applications ",
volume = "391",
number = "18",
pages = "4342--4349",
year = "2012",
author = "Luciano Zunino and Aurelio Fernández Bariviera and M. Belén Guercio and Lisana B. Martinez and Osvaldo A. Rosso",
}


@article{Tiana-Alsina2010,
  title = {Quantifying the statistical complexity of low-frequency fluctuations in semiconductor lasers with optical feedback},
  author = {Tiana-Alsina, J. and Torrent, M. C. and Rosso, O. A. and Masoller, C. and Garcia-Ojalvo, J.},
  journal = {Physical Review A},
  volume = {82},
  number = {1},
  pages = {013819--013825},
  numpages = {6},
  year = {2010},
}


@article{Maggs2013,
  author={J E Maggs and G J Morales},
  title={Permutation entropy analysis of temperature fluctuations from a basic electron heat transport experiment},
  journal={Plasma Physics and Controlled Fusion},
  volume={55},
  number={8},
  pages={085015--085022},
  year={2013},
}
	


@inproceedings{Rosso2008,
 author = {Rosso, O.A. and Larrondo, H.A. and Martin, M.T. and Plastino, A.},
 title = {Generalized Statistical Complexity Measure: A New Tool for Dynamical Systems},
 booktitle = {Proceedings of the 2nd International Conference Net-Works},
 year = {2008},
} 



@PhDThesis{Olivares2013,
   author        = {Olivares, F.},
   school        = {Universidad Nacional de La Plata ({UNLP})},
   title         = { Medida de Información de Fisher y Distribución Causal de Probabilidad de Bandt y Pompe: Aplicacionas al Análisis de Sistemas Dinámicos Caóticos},
   year          = {2013},
}



@article{Serinaldi2013,
  author={Serinaldi, F and Zunino, L and Rosso, OA},
  title={Complexity-entropy analysis of daily stream flow time series in the continental United States},
  journal={Stochastic Environmental Research and Risk Assessment},
  year={2013},
}
	

@article{Hurst1951,
    author = {Hurst, H.},
    journal = {Transaction of the American society of civil engineer},
    pages = {770--799},
    title = {Long term storage capacity of reservoirs},
    volume = {116},
    year = {1951}
}



@book{Chatfield2004,
  author = {Chatfield, C.},
  publisher = {CRC Press},
  title = {The analysis of time series: an introduction},
  year = {2004}
}

@inproceedings{Petrolo2014,
 author = {Petrolo, R. and Loscr\'{\i}, V. and Mitton, N.},
 title = {Towards a Smart City Based on Cloud of Things},
 booktitle = {Proceedings of the 2014 ACM International Workshop on Wireless and Mobile Technologies for Smart Cities},
 year = {2014},
} 

@Article{Hancke2012,
AUTHOR = {Hancke, G. P. and Silva, B. C. and Hancke Jr., G. P.},
TITLE = {The Role of Advanced Sensing in Smart Cities},
JOURNAL = {Sensors},
VOLUME = {13},
YEAR = {2012},
NUMBER = {1},
PAGES = {393--425},
}

@INPROCEEDINGS{Pellicer2013,
author={Pellicer, S. and Santa, G. and Bleda, A. L. and Maestre, R. and Jara, A. J. and Gomez Skarmeta, A.},
booktitle={Proceedings of the 2013 Seventh International Conference on Innovative Mobile and Internet Services in Ubiquitous Computing (IMIS)},
title={A Global Perspective of Smart Cities: A Survey},
year={2013},
pages={439-444},
}

@inproceedings{Cavalcante2013,
 author = {Cavalcante, T. S. G. and Aquino, A. L. L. and Cavalcante, E. S. and Rosso,O. A. and Almeida, E. S.},
 title = {Teoria da Informa\c c\~ao Aplicada a Caracteriza\c c\~ao de Velocidades em Redes Veiculares},
 booktitle = {Proceedings of the 11vo Simposio Argentino de Investigacion Operativa, SIO 2013},
 year = {2013},
} 


@article{Aschenbruck2009,
author = "Aschenbruck, N. and Gerhards-Padilla, E. and Martini, P.",
title = "Modeling mobility in disaster area scenarios ",
journal = "Performance Evaluation ",
volume = "66",
number = "12",
pages = "773-790",
year = "2009",
}



@article{Gonzalez2008,
author = {Gonzalez, M. C. and Hidalgo, C. A. and Barabasi, A.},
title = {Understanding individual human mobility patterns},
journal = {Nature},
year = {2008},
}


@article{Hasan2013,
year={2013},
journal={Journal of Statistical Physics},
volume={151},
number={1--2},
title={Spatiotemporal Patterns of Urban Human Mobility},
author={Hasan, S. and Schneider, C. M. and Ukkusuri, S. V. and González, M. C.},
pages={304--318},

}


@INPROCEEDINGS{Doran2013,
author={Doran, D. and Gokhale, S. and Dagnino, A.},
booktitle={Advances in Social Networks Analysis and Mining (ASONAM), 2013 IEEE/ACM International Conference on},
title={Human sensing for smart cities},
year={2013},
pages={1323--1330},
}


@article{Hristidis2010,
title = "Survey of data management and analysis in disaster situations ",
journal = "Journal of Systems and Software ",
volume = "83",
number = "10",
pages = "1701--1714",
year = "2010",
author = "Hristidis, V. and Chen, S.  and Li, Tao  and Luis, S. and Deng, Y. ",
}


@INPROCEEDINGS{DaSilva2010,
author={Da {S}ilva, R. I. and Del Duca Almeida, V. and Poersch, A. M. and Nogueira, J. M. S.},
booktitle={Network Operations and Management Symposium (NOMS), 2010 IEEE},
title={Wireless sensor network for disaster management},
year={2010},
}

@INPROCEEDINGS{Aziz2011,
author={Aziz, N.A.A. and Aziz, K.A.},
booktitle={13th International Conference on Advanced Communication Technology (ICACT) },
title={Managing disaster with wireless sensor networks},
year={2011},
}

@incollection{Augusto2006,
year={2006},
booktitle={Knowledge-Based Intelligent Information and Engineering Systems},
volume={4252},
title={Using Ambient Intelligence for Disaster Management},
author={Augusto, J. and Liu, J. and Chen, L.},
pages={171--178},
}

@inproceedings{Alazawi2014,
 author = {Alazawi, Z. and Alani, O. and Abdljabar, M. B. and Altowaijri, S. and Mehmood, R.},
 title = {A Smart Disaster Management System for Future Cities},
 booktitle = {Proceedings of the 2014 ACM International Workshop on Wireless and Mobile Technologies for Smart Cities},
 year = {2014},
} 



@article{Zhu2012,
title = "A survey on coverage and connectivity issues in wireless sensor networks ",
journal = "Journal of Network and Computer Applications ",
volume = "35",
number = "2",
pages = "619--632",
year = "2012",
author = "Zhu, C. and Zheng, C. and Shu, L. and  Han, G.",
}

@inproceedings{Kolter2011,
    title={{REDD}: A Public Data Set for Energy Disaggregation Research },
    author={Kolter, J. Z. and Johnson, M. J.},
    booktitle = {SustKDD Workshop on Data Mining Applications in Sustainability},
    year = {2011},
}

@ARTICLE{Hart1992, 
author={Hart, G.W.}, 
journal={Proceedings of the {IEEE} }, 
title={Nonintrusive appliance load monitoring}, 
year={1992},  
volume={80}, 
number={12}, 
pages={1870--1891}, 
}


@ARTICLE{Zoha2012, 
author={Zoha, A. and  Gluhak, A. and Imran M. A.  and Rajasegarar, S.}, 
journal={Sensors}, 
title={Non-Intrusive Load Monitoring Approaches for Disaggregated Energy Sensing: A Survey}, 
year={2012},  
volume={12}, 
number={12}, 
pages={16838--16866}, 
}

@Article{topten,
  Title                    = {The Best of the 20th Century: Editors Name Top 10 Algorithms},
  Author                   = {B. A. Cipra},
  Journal                  = {SIAM News},
  Pages                    = {1--2},
  Volume                   = {33},
  Year                     = {2000},
  Number                   = {4},
  File                     = {topten.pdf:art00_pdf/topten.pdf:PDF}
}

@Article{MarkovChainMonteCarloRevolution,
  Title                    = {The {M}arkov {C}hain {M}onte {C}arlo revolution},
  Author                   = {P. Diaconis},
  Journal                  = {Bulletin of the American Mathematical Society},
  Pages                    = {180--205},
  Volume                   = {46},
  Year                     = {2009},
  Number                   = {2},
}



